@article{zvan1998general,
  title={A general finite element approach for PDE option pricing models},
  author={Zvan, R and Forsyth, PA and Vetzal, KR},
  journal={methods},
  volume={19},
  pages={3},
  year={1998}
}

@article{achdou2007finite,
  title={Finite element methods for option pricing},
  author={Achdou, Yves and Pironneau, Olivier},
  journal={Universit{\'e} Pierre et Marie Curie},
  pages={1--12},
  year={2007},
  publisher={Citeseer}
}
@article{ern2004adaptive,
  title={Adaptive finite element methods for local volatility European option pricing},
  author={Ern, Alexandre and Villeneuve, St{\'e}phane and Zanette, Antonino},
  journal={International Journal of Theoretical and Applied Finance},
  volume={7},
  number={06},
  pages={659--684},
  year={2004},
  publisher={World Scientific}
}
@article{hilber2010wavelet,
  title={Wavelet finite element method for option pricing in highdimensional diffusion market models},
  author={Hilber, N and Kehtari, S and Schwab, C and Winter, C},
  journal={SAM Report},
  volume={2011},
  year={2010}
}

@article{von2015benchop,
  title={BENCHOP--The BENCHmarking project in option pricing},
  author={von Sydow, Lina and Josef H{\"o}{\"o}k, Lars and Larsson, Elisabeth and Lindstr{\"o}m, Erik and Milovanovi{\'c}, Slobodan and Persson, Jonas and Shcherbakov, Victor and Shpolyanskiy, Yuri and Sir{\'e}n, Samuel and Toivanen, Jari and others},
  journal={International Journal of Computer Mathematics},
  volume={92},
  number={12},
  pages={2361--2379},
  year={2015},
  publisher={Taylor \& Francis}
}
@article{lopez2018pde,
  title={PDE formulation of some SABR/LIBOR market models and its numerical solution with a sparse grid combination technique},
  author={L{\'o}pez-Salas, Jos{\'e} G and V{\'a}zquez, Carlos},
  journal={Computers \& Mathematics with Applications},
  volume={75},
  number={5},
  pages={1616--1634},
  year={2018},
  publisher={Elsevier}
}
@inproceedings{vonSydow13,
 address              = {American Institute of Physics (AIP), Melville, NY},
 author               = {von Sydow, L.},
 booktitle            = {Numerical Analysis and Applied Mathematics: ICNAAM 2013},
 pages                = {2373--2376},
 series               = {AIP Conference Proceedings},
 title                = {On discontinuous Galerkin for time integration in option pricing problems with adaptive finite differences in space},
 volume               = {1558},
 year                 = {2013},
 }

@article{Salmi14a,
    AUTHOR = {Salmi, Santtu and Toivanen, Jari},
     TITLE = {I{MEX} schemes for pricing options under jump-diffusion
              models},
   JOURNAL = {Appl. Numer. Math.},
  FJOURNAL = {Applied Numerical Mathematics. An IMACS Journal},
    VOLUME = {84},
      YEAR = {2014},
     PAGES = {33--45},
      ISSN = {0168-9274},
   MRCLASS = {65M06 (91G60)},
  MRNUMBER = {3227311},
       DOI = {10.1016/j.apnum.2014.05.007},
       URL = {http://dx.doi.org/10.1016/j.apnum.2014.05.007},
}
@article{milovanovic2020high,
  title={A high order method for pricing of financial derivatives using Radial Basis Function generated Finite Differences},
  author={Milovanovi{\'c}, Slobodan and von Sydow, Lina},
  journal={Mathematics and Computers in Simulation},
  volume={174},
  pages={205--217},
  year={2020},
  publisher={Elsevier}
}

@article{lotstedt2007space,
  title={Space--time adaptive finite difference method for European multi-asset options},
  author={L{\"o}tstedt, Per and Persson, Jonas and von Sydow, Lina and Tysk, Johan},
  journal={Computers \& Mathematics with Applications},
  volume={53},
  number={8},
  pages={1159--1180},
  year={2007},
  publisher={Elsevier}
}

